<record><leader>00000cas a2200000 a 4500</leader><controlfield tag="001">13046452</controlfield><controlfield tag="008">860122d188918uuksudr ne      0   a0eng d</controlfield><datafield ind1=" " ind2=" " tag="010"><subfield code="a">sn 85066971 </subfield></datafield><datafield ind1=" " ind2=" " tag="040"><subfield code="a">KSH</subfield><subfield code="b">eng</subfield><subfield code="c">KSH</subfield><subfield code="d">NPT</subfield><subfield code="d">OCL</subfield><subfield code="d">OCLCQ</subfield></datafield><datafield ind1=" " ind2=" " tag="042"><subfield code="a">msc</subfield></datafield><datafield ind1=" " ind2=" " tag="043"><subfield code="a">n-us-ks</subfield></datafield><datafield ind1="0" ind2=" " tag="130"><subfield code="a">Daily advocate (Armourdale, Kan.)</subfield></datafield><datafield ind1="1" ind2="0" tag="245"><subfield code="a">Daily advocate.</subfield></datafield><datafield ind1=" " ind2=" " tag="260"><subfield code="a">Armourdale, Kan. :</subfield><subfield code="b">John E. Rastall,</subfield><subfield code="c">1889-</subfield></datafield><datafield ind1=" " ind2=" " tag="300"><subfield code="a">v. ;</subfield><subfield code="c">51 cm.</subfield></datafield><datafield ind1=" " ind2=" " tag="310"><subfield code="a">Daily</subfield></datafield><datafield ind1="1" ind2=" " tag="362"><subfield code="a">Vol. 1, no. 1 (Jan. 5, 1889)-</subfield></datafield><datafield ind1=" " ind2=" " tag="752"><subfield code="a">United States</subfield><subfield code="b">Kansas</subfield><subfield code="c">Wyandotte</subfield><subfield code="d">Armourdale.</subfield></datafield><datafield ind1="0" ind2="0" tag="780"><subfield code="t">Armourdale adovcate</subfield><subfield code="w">(DLC)sn 85066976</subfield></datafield><datafield ind1="1" ind2=" " tag="029"><subfield code="a">AU@</subfield><subfield code="b">000004558291</subfield></datafield></record>